@article{GA19,
  title={{ReLU networks as surrogate models in mixed-integer linear programs}},
  author={Grimstad, Bjarne and Andersson, Henrik},
  journal={Computers \& Chemical Engineering},
  volume={131},
  pages={106580},
  year={2019},
  publisher={Elsevier}
}

@article{TKM+21,
  title={{ENTMOOT: a framework for optimization over ensemble tree models}},
  author={Thebelt, Alexander and Kronqvist, Jan and Mistry, Miten and Lee, Robert M and Sudermann-Merx, Nathan and Misener, Ruth},
  journal={Computers \& Chemical Engineering},
  volume={151},
  pages={107343},
  year={2021},
  publisher={Elsevier}
}